<?xml version="1.0" encoding="UTF-8"?><record xmlns="http://www.loc.gov/MARC21/slim" xmlns:cinclude="http://apache.org/cocoon/include/1.0" xmlns:zs="http://www.loc.gov/zing/srw/">
  <leader>00453cz  a2200145n  4500</leader>
  <controlfield tag="001">n  97120962 </controlfield>
  <controlfield tag="003">DLC</controlfield>
  <controlfield tag="005">19971208120514.8</controlfield>
  <controlfield tag="008">971208n| acannaab|          |a aaa |||  </controlfield>
  <datafield tag="010" ind1=" " ind2=" ">
    <subfield code="a">n  97120962 </subfield>
  </datafield>
  <datafield tag="040" ind1=" " ind2=" ">
    <subfield code="a">DLC</subfield>
    <subfield code="c">DLC</subfield>
    <subfield code="d">DLC</subfield>
  </datafield>
  <datafield tag="100" ind1="1" ind2="0">
    <subfield code="a">Capelleveen, Jan J. van</subfield>
  </datafield>
  <datafield tag="400" ind1="1" ind2="0">
    <subfield code="a">Van Capelleveen, Jan J.</subfield>
  </datafield>
  <datafield tag="670" ind1=" " ind2=" ">
    <subfield code="a">Het woord gaat zijn weg, 1996:</subfield>
    <subfield code="b">t.p. (Jan J. van Capelleveen) p. 13 (d. 1991)</subfield>
  </datafield>
  <datafield tag="670" ind1=" " ind2=" ">
    <subfield code="a">LC database, 12-08-97</subfield>
    <subfield code="b">(hdg.: Capelleveen, Jan J. van)</subfield>
  </datafield>
</record>